@misc{sport4.0,
  title = {Sport 4.0},
  howpublished = {https://sportthinking.it/2017/11/22/marketing-4-0-e-industry-4-0-nasce-lo-sport-4-0/},
  note = {Ultimo accesso 26/08/2024},
}

@misc{VolleyVisionAI,
  title = {VolleyVisionAI - GitHub Repository},
  howpublished = {https://github.com/andrearichichi/VolleyVisionAI},
  note = {Ultimo accesso 28/08/2024},
}

@misc{DartFish,
  title = {DartFish - Video Analysis Software},
  howpublished = {https://www.dartfish.com/},
  note = {Ultimo accesso 25/08/2024}
}
@misc{LongoMatch,
  title = {LongoMatch - Video Analysis Software},
  howpublished = {https://longomatch.com/en/},
  note = {Ultimo accesso 25/08/2024}
}
@misc{NacSport,
  title = {NacSport - Video Analysis Software},
  howpublished = {https://www.nacsport.com},
  note = {Ultimo accesso 25/08/2024}
}

@misc{Hudl,
  title = {Hudl - Hybrid System},
  howpublished = {https://www.hudl.com/},
  note = {Ultimo accesso 25/08/2024}
}
@misc{Catapult,
  title = {Catapult - Hybrid System},
  howpublished = {https://www.catapult.com/},
  note = {Ultimo accesso 25/08/2024}
}
@misc{Data-Volley4.0,
  title = {Data-Volley 4.0 - Volleyball Specific },
  howpublished = {https://www.dataproject.com/EU/it/Volleyball},
  note = {Ultimo accesso 25/08/2024}
}

@misc{BallTime,
  title = {BallTime - Volleyball Specific },
  howpublished = {https://www.balltime.com/},
  note = {Ultimo accesso 25/08/2024}
}
@misc{EyeStudios-Academy,
  title = {EyeStudios Academy - Figma },
  howpublished = {https://eyestudios.it/corso-figma/},
  note = {Ultimo accesso 29/08/2024}
}

